1250 1753
378 255 407 278 70
474 260 606 276 ΠΟΕΊῚΠΝΕ
619 259 780 275 WALuslANAE
793 260 825 275 DE
837 259 908 275 MO'ru

262 318 312 331 paor.
322 318 354 331 vn.
376 310 442 332 etiam
455 309 530 332 altera
540 310 558 332 C
568 309 664 332 alteram
674 310 693 331 Ε
703 310 777 338 ffcit,
785 313 807 332 et
818 309 889 332 tertia
897 310 985 331 tertium
993 315 1002 332 ι·

267 339 350 350 -.—³
376 351 422 366 non
433 347 466 366 est
479 344 513 371 (ut
524 344 560 365 ille
570 344 643 373 putat)
653 344 809 373 propositionis
821 343 987 366 demonstratio.

380 389 382 392 ν
407 378 561 407 Suppouamus
579 378 638 400 enim
657 378 731 400 currui
748 385 816 407 equos
832 378 922 406 junctos
939 378 1003 404 dnos,

377 412 414 441 qui
424 412 486 434 illum
497 412 587 434 trahant
596 419 642 434 una
651 412 707 434 hora
714 419 781 434 unam
791 412 876 433 leucam
885 415 933 433 tota
942 412 973 433 vi.

408 446 560 475 Supponamus
581 446 649 468 etiam
667 446 739 468 eidem
757 446 832 468 currui
848 446 937 474 junctos
955 452 1004 468 esse

377 487 444 509 equos
454 487 492 502 sex
502 487 565 509 aeque
575 480 650 507 senez,
660 487 734 509 quaero
745 484 800 509 quot
810 480 883 501 leucas
893 487 938 501 unn
948 479 1005 502 hora

377 514 495 536 conficient
508 514 559 543 equi
575 514 607 535 illi
623 521 667 536 sex.
700 514 788 540 Nonne,
800 514 865 542 juxta
880 514 938 535 hane
953 521 1004 542 pro-

376 548 516 577 positionem,
527 548 635 570 conficere
649 548 731 570 debent
746 548 820 570 leucas
836 548 890 570 sex?
921 548 952 570 At
963 548 1004 570 im-

376 582 481 611 possibile
499 585 539 604 est.
572 582 669 604 Tantum
686 582 744 604 enim
763 582 866 611 spatium,
887 589 915 604 ne
935 589 1005 604 onere

377 616 465 645 quidem
473 616 544 642 liberi,
551 616 645 638 transire
654 620 753 645 possunt.
775 616 939 638 Demonstratio
949 623 1004 645 ergo

377 650 431 678 ejus,
442 657 528 679 nempe,
539 650 560 672 si
570 657 640 672 causa
651 652 675 672 ut
686 650 710 676 C,
721 653 765 672 etc.
776 650 831 672 nihil
841 650 906 672 valet.

583 731 677 747 PROPOS
681 731 732 747 1110
746 731 801 747 VIII.

409 770 583 797 Contrariorum,
594 773 701 799 quatenus
715 770 832 792 contraria
846 772 904 796 cunt,
916 777 1004 799 aggre-

375 807 461 833 gatum,
473 804 600 834 oequipollet
610 804 710 826 excessui
721 804 891 834 praepollentis:
907 811 1004 834 congru-

377 838 458 860 entium
468 845 528 865 vero,
538 838 655 860 eorundem
665 845 758 860 summae.

407 871 472 894 Falsa
482 876 522 894 est.
554 872 613 894 Nam
623 872 752 894 A—A=0:
768 872 791 894 id
804 875 844 898 est,
859 875 1004 900 aggregatum

378 913 405 928 ex
416 906 539 932 contrariis,
551 909 659 934 quatenus
675 910 726 928 sunt
737 906 855 932 contraria,
867 906 901 933 (nt
912 906 959 934 ipse
970 906 1004 928 in—

377 940 531 969 terpretatur),
542 940 624 969 aeqnale
635 943 670 961 est
680 940 756 961 nihilo.
788 939 849 961 Idem
860 940 945 969 aequale
956 947 1005 962 esse

378 974 432 996 dicit
443 974 541 996 excessui
551 974 706 1003 praepollentis,
718 974 760 996 hoc
779 978 813 996 est
829 974 959 996 differentiae
970 974 1005 996 in-

378 1012 413 1030 ter
427 1009 469 1030 ÷A
479 1012 502 1030 et
507 1009 565 1030 —A.
597 1008 663 1030 Quod
673 1012 707 1030 est
717 1008 804 1030 falsum.
836 1008 895 1030 Nam
905 1016 956 1030 eum
967 1015 1004 1038 ag-

377 1045 494 1072 gregatum
512 1042 540 1064 sit
557 1042 618 1068 nihil,
632 1042 698 1064 etiam
717 1042 841 1064 differentia
855 1042 913 1064 inter
929 1043 972 1064 ÷A
981 1046 1005 1065 et

377 1077 427 1098 —A
445 1076 510 1104 debet
529 1083 575 1098 esse
595 1076 657 1098 nihil.
697 1076 764 1099 Quod
784 1080 818 1098 est
835 1076 914 1098 falsum
924 1084 929 1098 :
952 1084 1005 1098 nam

378 1110 503 1132 ‘differentia
520 1110 578 1132 inter
590 1110 630 1131 ÷A
641 1114 664 1132 et
673 1111 724 1132 —A
741 1114 775 1132 est
792 1110 841 1132 2A.
874 1110 940 1132 Quod
956 1113 1005 1132 tum

377 1145 462 1166 ratione
471 1144 574 1170 naturali,
586 1148 633 1166 tum
643 1152 657 1166 a
667 1144 836 1166 substractionis
847 1144 923 1173 regula
934 1144 1005 1166 mani-

376 1179 457 1201 festum
468 1183 513 1200 est:
536 1179 753 1207 ÷A—(—A)=2A.

406 1213 464 1235 Nam
474 1220 514 1242 per
524 1212 584 1234 illam
595 1212 701 1241 regulam,
713 1216 761 1234 tum
769 1213 833 1241 juxta
841 1211 1004 1241 Oughtredum,

376 1250 424 1268 tum
439 1247 503 1275 juxta
520 1246 591 1268 Clavii
607 1250 629 1268 et
645 1247 745 1268 Harrioti
762 1246 893 1276 Algebrum,
910 1250 935 1268 ut
953 1246 1006 1268 sub-

376 1285 459 1303 straete
470 1281 520 1307 —A
528 1288 555 1303 ex
572 1281 612 1306 ÷A
622 1281 730 1303 habeatnr
743 1281 862 1307 residuum,
873 1280 1005 1302 sumendum

376 1319 410 1337 est
426 1319 572 1344 aggregatum
590 1315 746 1344 quantitatum,
763 1314 831 1343 (quod
848 1315 954 1337 hocloco
971 1317 1006 1336 est

376 1352 389 1371 2
400 1349 439 1377 A),
448 1352 471 1370 et
482 1348 638 1377 praefigendum
650 1349 737 1378 signum
750 1357 778 1374 ÷.
809 1348 941 1370 Differentia
951 1355 1005 1377 ergo

375 1383 418 1405 erit
433 1390 450 1408 4-
465 1383 507 1405 2A.
539 1382 601 1404 Idem
622 1383 720 1405 ostendit
738 1383 794 1404 ratio
816 1382 929 1404 naturalis.
964 1382 1006 1405 Est

375 1417 434 1439 enim
445 1418 465 1439 A
475 1417 545 1446 major
564 1424 630 1446 quam
646 1417 701 1440 nihil
713 1416 837 1447 quantitate
848 1417 875 1444 A,
893 1420 915 1439 et
929 1423 1005 1439 rursus
