1250 1753
483 443 662 465 PRAEFATIO

311 560 523 586 MERSENNI
546 561 830 587 BALLISTICAM.

260 709 316 731 Cum
329 709 362 737 (in
374 716 437 738 prop.
448 709 501 731 xxiv
511 709 676 737 BAnms'ncAE)
688 710 753 738 plura
760 710 825 738 juxta
835 709 885 732 sub-

259 743 353 765 tilissimi
363 743 488 772 philosophi
498 743 590 765 Thomae
601 743 693 765 Hobbes
704 743 851 771 attulerimus,
862 747 885 766 et

259 777 366 805 quasdam
376 777 520 806 philosophiae
528 784 594 806 quam
602 781 695 799 exornat
703 781 777 806 partes
786 777 884 807 legerim,

258 818 308 840 quae
316 811 391 833 omnia
397 811 444 833 fere
450 818 490 840 per
497 816 582 833 motum
592 811 684 833 localem
693 811 812 840 explicant,
818 811 884 833 velim

258 845 325 867 etiam
342 845 425 867 addere
442 845 533 867 modum
548 852 593 874 quo
608 849 735 867 nostrarum
753 845 884 867 facultatum

258 879 397 908 operationes
413 886 440 901 ex
458 879 537 901 eodem
551 883 613 901 motu
629 879 753 901 concludit:
771 883 797 901 ut
814 879 885 901 lector

258 913 377 942 perspiciat
391 920 446 935 num
458 921 602 942 quaecumque
615 914 672 936 fiunt
684 913 707 935 in
722 913 787 936 nobis
800 914 829 936 ad
839 914 884 935 vim

258 947 395 969 hallisticam
410 947 487 969 referri
502 951 601 976 possunt,
612 951 638 969 ut
653 948 741 976 objecta
755 955 795 976 per
808 954 885 970 sensus

258 981 377 1003 exteriores
396 981 503 1003 irruentia
517 984 550 1003 tot
564 982 643 1010 jucissis
658 985 712 1011 quot
730 982 826 1004 motibus
844 989 884 1004 nos

258 1015 372 1044 impetere,
382 1015 468 1045 hucque
479 1019 502 1038 et
511 1015 563 1037 illuc
577 1016 689 1045 impellere
699 1016 824 1043 videantur,
834 1023 884 1045 per-

258 1045 392 1078 petuamq'ue
403 1049 537 1071 ballisticam
550 1053 674 1072 exerceant.

289 1083 381 1105 Certum
395 1087 428 1105 est
444 1084 503 1105 enim
516 1084 564 1105 fieri
581 1084 705 1106 sensionem
718 1091 758 1113 per
773 1084 884 1106 actionem

258 1117 395 1146 objectorum
403 1118 426 1139 in
435 1125 519 1146 organa
529 1118 647 1140 sentiendi:
655 1125 749 1147 cumque
759 1118 831 1140 sensio
838 1122 884 1140 tam

258 1152 368 1173 actionem
379 1158 446 1180 quam
456 1152 581 1180 passionem
591 1155 677 1180 argunt,
685 1159 739 1180 quas
750 1152 786 1173 vix
797 1159 811 1174 a
820 1152 884 1174 moti-

258 1185 300 1207 bus
311 1185 439 1214 distinguas,
450 1186 523 1207 sensio
536 1185 623 1207 definiri
635 1188 708 1215 potest
718 1188 787 1207 malm
798 1186 820 1207 in
826 1193 883 1215 par-

258 1219 317 1241 tibus
327 1219 422 1241 internis
432 1219 547 1242 sentientis
558 1219 586 1241 ab
596 1219 678 1248 objectu*
688 1222 747 1241 motu
757 1219 780 1241 in
792 1220 884 1249 agentis·

258 1254 357 1275 sensorio
368 1254 464 1282 ᾔει-ἐπιδ.
497 1254 534 1276 Sic
544 1254 611 1276 etiam
622 1254 677 1276 visio
688 1254 734 1276 fita
744 1257 805 1276 motu
816 1254 884 1276 lucidi

257 1291 380 1316 propagato
389 1295 428 1316 per
437 1287 572 1317 diaphaunm
580 1287 743 1315 intermedium,
751 1291 775 1310 et
782 1288 883 1310 continu-

257 1325 295 1343 ato
301 1328 341 1350 per
348 1321 437 1344 oculum
443 1321 473 1343 ad
483 1322 580 1343 tunicam
588 1322 690 1348 retinam,
697 1325 721 1344 et
731 1321 836 1351 deinceps
844 1329 884 1351 per

257 1362 349 1377 nervum
368 1355 466 1384 opticum
484 1356 507 1377 in
523 1355 621 1385 spiritus,
634 1355 701 1385 idque
712 1363 757 1378 non
773 1356 844 1378 solum
859 1356 884 1378 in

258 1389 357 1416 cerebro,
368 1389 408 1411 sed
418 1389 484 1411 etiam
495 1396 564 1419 usque
574 1389 603 1412 sd
613 1397 660 1416 cor,
668 1390 696 1412 ob
706 1389 775 1412 totius
785 1390 884 1420 eorporis

257 1423 337 1446 miram
347 1423 515 1446 connexionem.
