1250 1753
447 268 589 284 TRACTATUS
602 268 715 284 01²·ncus.
849 265 893 284 229

265 318 305 340 sed
315 322 402 341 tantum
413 318 441 340 ad
452 318 477 345 C,
491 318 523 340 ita
535 321 561 340 ut
572 318 611 340 Ac
621 318 649 340 sit
660 317 751 347 aequalis
762 317 808 339 DB.
840 318 893 340 Pro-
914 329 963 341 ιιιοι».
973 328 1005 341 vn.

266 353 334 375 ducta
351 357 413 375 recta
425 352 472 378 DB,
489 352 529 374 fiat
547 352 590 374 ΒΗ
607 352 698 381 aequalis
715 355 781 374 rectae
795 352 838 374 OE.
870 353 894 375 Si
917 350 1003 360 “q“

265 387 334 416 igitur
343 386 440 409 medium
449 389 559 408 mutatum
569 393 615 408 nou
624 390 682 408 esset
689 385 778 415 quando
786 386 894 409 terminus

266 1001 322 1023 lucis
333 1001 353 1023 A
362 1006 497 1031 propagatus
508 1006 567 1025 esset
575 1003 603 1024 ad
614 1003 640 1029 E,
648 1002 704 1024 alter
712 1002 819 1024 terminus
830 1001 893 1023 debe-

267 1039 302 1057 ret
318 1042 366 1057 esse
380 1036 402 1057 in
422 1037 458 1058 H:
476 1037 590 1059 immersus
608 1036 692 1058 scilicet
708 1036 748 1058 sub
762 1036 829 1065 plano
847 1036 894 1062 ΕΙ),

267 1073 351 1098 quanta
361 1074 395 1092 est
410 1070 515 1093 distantia
531 1071 621 1092 minima
637 1070 694 1092 inter
704 1074 810 1099 punctum
827 1070 847 1091 H
860 1069 894 1091 vel

268 1103 286 1125 C
296 1107 319 1125 et
329 1108 411 1126 rectam
425 1104 472 1131 ΕΙ),
489 1104 522 1126 vel
538 1105 598 1126 inter
613 1104 706 1126 eandem
720 1108 803 1126 rectam
818 1104 856 1125 ΕΙ)
872 1108 895 1125 et

266 1137 309 1159 sibi
329 1137 455 1166 parallelum
477 1139 518 1160 IH.
556 1138 667 1160 Quoniam
688 1145 741 1159 vero
764 1137 895 1167 supponitur

266 1171 364 1193 medium
376 1172 416 1194 suh
432 1172 498 1201 plano
509 1173 547 1194 ΕΙ)
558 1172 628 1194 rarius
638 1179 704 1201 quam
713 1172 773 1201 quod
787 1179 860 1200 supra,
871 1176 895 1194 et

266 1206 386 1234 propagari
401 1210 487 1228 motum
504 1206 589 1228 facilius
604 1206 627 1228 in
637 1213 687 1227 raro
698 1213 763 1235 quam
780 1206 801 1227 in
813 1206 893 1227 denso:

267 1242 322 1261 tunc
333 1239 422 1268 quando
437 1240 501 1262 liueae
515 1240 571 1262 lucis
585 1240 692 1262 terminus
703 1240 723 1262 A
733 1243 767 1261 est
778 1239 799 1261 in
811 1240 836 1266 E,
853 1240 895 1261 erit

267 1273 323 1295 alter
335 1274 442 1296 terminus
454 1274 472 1296 B
483 1275 542 1296 ultra
555 1275 585 1301 H,
596 1278 651 1303 puta
667 1274 689 1295 iu
705 1274 730 1299 L,
742 1274 857 1296 immersus
871 1274 895 1296 in

267 1308 365 1329 medium
376 1315 450 1330 rarum
462 1312 545 1337 quauta
559 1312 593 1330 est
609 1308 714 1330 distantia
730 1308 821 1329 minima
838 1308 896 1330 inter

267 1346 351 1364 rectam
368 1342 407 1364 ΕΙ)
418 1346 440 1364 et
456 1342 498 1364 sibi
513 1342 639 1370 parallelam
651 1342 695 1368 GL,
706 1342 749 1363 hoc
764 1345 797 1363 est
808 1342 895 1370 quanti-

267 1380 313 1398 tate
323 1376 386 1397 lineae
398 1376 447 1398 LM.
480 1376 552 1398 Ducta
565 1376 634 1405 igitur
645 1380 706 1398 recta
717 1383 729 1397 a
740 1380 824 1405 puncto
838 1376 856 1397 E
866 1376 895 1398 ad
911 1397 914 1400 ,

267 1414 350 1432 rectam
363 1410 410 1436 GL,
421 1410 498 1432 eadem
515 1410 653 1439 longitudine
665 1417 709 1439 qua
719 1414 753 1432 est
767 1410 825 1432 linea
840 1410 895 1432 lucis

267 1443 306 1466 AB
319 1444 354 1466 vel
371 1444 416 1471 CD,
428 1451 477 1473 quae
492 1444 520 1466 sit
534 1444 576 1471 EF,
590 1444 633 1466 erit
648 1445 694 1474 jam
711 1444 747 1466 EF
764 1444 823 1466 linea
840 1444 895 1466 lueis
