1250 1753
451 253 596 269 *rnAc'rAi-us
608 253 722 269 oeneus.
854 248 897 272 237

265 302 294 324 tis
303 302 339 329 bd,
349 302 388 324 BD
399 302 478 325 iisdem
489 303 557 325 radiis
568 311 602 330 ac,
612 304 651 326 Ac
662 303 790 333 aequalibus,
802 303 898 332 comple-

265 340 332 358 antur
346 337 553 366 parallelogramma
563 337 629 365 abcd,
640 338 727 360 ABCD.
759 338 837 367 Sitque
853 345 898 360 me-

266 370 327 392 dium
343 371 402 399 quod
418 374 452 392 est
468 371 532 397 infra,
548 371 620 398 chB,
641 372 710 401 (quod
728 379 783 395 voco
801 372 898 394 medium

267 915 408 943 secundum),
419 922 464 937 non
475 915 574 944 ejusdem
585 918 670 937 naturae
681 921 732 936 eum
748 914 821 936 medio
836 915 896 944 quod

267 953 302 972 est
318 956 385 978 supra
401 949 470 977 (quod
486 957 541 971 voco
555 949 652 971 medium
668 949 789 977 primum):
805 949 844 970 sed
862 949 897 971 vel

268 983 364 1009 densius,
376 983 418 1004 hoc
429 987 464 1005 est
480 983 502 1004 in
513 990 558 1012 quo
572 983 656 1005 tardior
666 982 695 1004 sit
708 983 840 1011 propagatio
851 990 898 1005 mo-

268 1021 310 1042 tus,
318 1017 352 1038 vel
362 1017 440 1043 rarius,
452 1017 494 1038 hoc
505 1020 538 1038 est
549 1017 571 1038 in
582 1024 626 1045 quo
636 1016 733 1038 velocior
744 1016 772 1038 sit
787 1024 897 1045 propaga-

268 1051 300 1073 tio
307 1054 386 1073 motus.
409 1051 443 1073 Sit
450 1051 497 1079 jam
506 1058 635 1080 progressus
645 1051 700 1072 lucis
711 1051 734 1072 in
743 1051 815 1073 medio
824 1051 896 1079 primo

268 1085 290 1107 in
307 1085 377 1107 altera
392 1085 480 1113 quidem
499 1085 642 1107 inclinatione
657 1088 720 1106 recta
736 1092 771 1111 ac,
787 1085 811 1106 in
826 1085 898 1107 altera

269 1126 321 1141 vero
331 1122 392 1140 recta
403 1119 454 1140 AC:
470 1119 505 1140 vel
521 1119 539 1140 si
550 1126 691 1147 progressum
707 1119 767 1140 hunc
777 1118 832 1140 lucis
843 1119 896 1141 veli-

268 1160 317 1175 mus
327 1160 454 1174 mensurare
464 1152 487 1174 in
499 1152 674 1181 perpendiculari
684 1152 712 1174 ad
726 1153 816 1181 planum
824 1152 896 1179 chB,

268 1187 298 1208 sit
305 1187 328 1208 in
339 1186 409 1208 altera
419 1186 561 1208 inclinatione
572 1187 608 1212 ak,
619 1187 642 1209 in
652 1186 723 1208 altera
733 1186 782 1208 ΑΚ.
814 1186 848 1208 Sit
859 1194 897 1208 au-

268 1224 313 1242 tem
324 1227 454 1249 progressus
465 1220 520 1242 lueis
530 1221 553 1242 in
565 1220 637 1242 medio
647 1220 745 1242 secundo
756 1220 833 1242 eodem
841 1225 896 1242 tem-

268 1261 322 1283 pore
338 1255 408 1283 major
424 1254 459 1276 vel
478 1255 550 1276 minor
567 1262 633 1283 quam
650 1255 673 1276 in
689 1255 769 1283 primo,
787 1255 811 1276 in
827 1255 897 1277 altera

269 1288 357 1317 quidem
366 1288 509 1310 inclinatione
520 1288 551 1315 be,
559 1289 643 1310 scilicet
651 1288 669 1310 si
680 1288 769 1310 densius
779 1288 808 1310 sit
818 1295 897 1310 seeun-

269 1322 321 1345 dum
332 1322 429 1344 medium
441 1330 505 1351 quam
517 1323 620 1351 primum,
631 1322 665 1344 vel
679 1322 708 1352 bf
713 1322 731 1344 si
742 1322 820 1344 rarius.
851 1324 897 1344 Aut

269 1357 287 1378 si
298 1356 390 1378 velimus
401 1363 541 1385 progressum
553 1357 611 1378 hunc
622 1363 749 1378 mensurare
765 1356 789 1378 in
802 1363 897 1385 perpen-

269 1390 362 1412 diculari
373 1390 401 1412 ad
415 1390 505 1419 planum
517 1390 590 1417 chB,
602 1391 631 1412 sit
645 1390 667 1412 ie
677 1397 807 1419 progressus
821 1390 857 1412 ille
873 1390 897 1412 in

269 1424 366 1447 densiori
377 1424 456 1451 medio,
466 1424 504 1454 gs
516 1425 537 1446 in
549 1425 640 1447 rariori:
656 1425 678 1446 iu
690 1425 760 1447 altera
775 1428 857 1451 nutem,
868 1425 897 1446 sit

923 312 973 324 PRoP.
982 312 1008 324 ιι.

921 333 1007 343 ψ-μ,
