1250 1753
396 268 429 283 AD
441 268 556 284 CARTEsn
568 268 766 284 MEDITATIONES.
848 262 892 286 267

265 321 326 340 recte
343 317 420 339 inferri
436 325 463 339 ex
481 325 507 340 eo
520 318 579 347 quod
591 318 666 340 existit
680 317 764 346 aliquid
777 317 837 346 quod
851 324 892 339 nos

267 352 376 374 credimus
391 359 476 373 creasse
491 355 572 374 caetern
588 352 669 378 omnia,
679 351 730 373 ideo
743 351 851 373 mundum
865 351 893 373 ab

267 393 294 408 eo
304 386 372 408 fuisse
383 385 500 415 aliquando
511 389 617 407 creatum.

298 420 414 446 Praeterea,
425 420 463 442 ubi
475 420 529 442 dicit
542 420 615 442 ideam
630 420 671 441 Dei
684 423 707 441 et
722 419 801 441 animae
814 422 895 441 nostrae

268 454 332 476 nobis
342 454 441 476 innatam
452 461 507 480 esse,
517 454 583 476 velim
594 454 651 475 seire
662 454 680 475 si
694 454 773 475 animae
784 453 896 475 dormien-

268 488 324 510 tium
335 488 444 517 profunde
452 488 499 510 siue
508 488 617 510 insomnio
626 488 733 516 cogitent.
755 487 778 509 Si
789 494 841 514 non,
850 494 896 509 nou

268 522 350 544 habent
361 529 387 544 eo
398 525 496 550 tempore
512 522 573 544 ideas
587 522 650 544 ullas.
683 522 758 544 Quare
770 521 831 543 nulla
846 521 897 543 idea

268 560 302 578 est
313 556 400 578 innata:
414 563 465 578 nam
477 556 536 585 quod
547 560 581 578 est
592 556 700 582 innatum,
711 563 797 584 semper
808 555 877 577 adest.

508 623 657 638 RESPONSIO-

300 657 360 679 Nihil
372 664 448 678 eorum
459 664 509 686 quae
520 658 567 679 Deo
580 657 705 684 tribuimus,
716 658 744 679 ab
755 657 847 687 objectis
858 665 895 679 ex—

270 691 339 713 ternis
346 694 451 719 tanquam
460 691 487 713 ab
496 691 616 720 exemplari
627 695 700 720 potest
708 699 755 714 esse
765 692 896 721 profectum,

271 725 323 753 quia
335 725 389 746 nihil
405 728 439 746 est
454 725 477 746 iu
493 725 541 747 Deo
556 725 626 747 simile
638 726 665 747 iis
676 733 724 754 quae
737 729 788 747 sunt
799 726 821 747 in
833 725 898 747 rebus

271 759 375 785 externis,
381 760 424 780 hoc
432 762 465 780 est
473 759 592 788 corporeis.
615 759 730 789 Quidquid
738 763 812 781 autem
819 759 846 781 iis
854 759 899 781 dis-

271 793 342 815 simile
353 793 484 821 cogitamuS,
494 793 634 815 manifestum
647 797 681 815 est
691 801 736 815 uon
748 793 776 815 ab
787 793 847 822 ipsis,
859 793 898 815 sed

272 835 285 849 a
306 834 372 849 eausa
392 827 456 849 istius
475 827 607 849 diversitatis
628 827 651 849 iu
670 827 805 856 cogitatione
823 831 900 849 nostra

272 861 388 891 proficisci.

302 895 331 917 Et
345 902 420 924 quaero
433 895 477 921 hie,
489 903 532 924 quo
546 898 612 924 pacto
625 895 666 917 iste
679 895 822 924 philosophus
835 894 898 916 intel-

272 929 390 951 lectiouem
409 929 451 951 Dei
466 937 479 951 a
492 930 559 951 rebus
575 929 672 951 externis
691 929 792 951 deducat.
826 929 899 951 Quam

272 967 346 985 autem
364 963 458 985 habeam
474 964 521 992 ejus
536 963 615 988 ideam,
626 963 690 985 facile
701 963 793 992 explico,
805 963 899 985 dicendo

273 1005 308 1019 me
323 1004 363 1026 per
375 997 447 1019 ideam
464 997 587 1026 intelligere
601 997 623 1019 id
635 1004 699 1019 omne
711 997 771 1026 quod
784 997 855 1019 forma
866 1001 900 1019 est

272 1031 365 1060 alicujus
375 1031 530 1060 perceptionis.
562 1031 618 1053 Quis
629 1031 688 1053 enim
698 1035 732 1053 est
743 1031 781 1060 qui
794 1038 840 1053 nou
850 1038 899 1059 per-

273 1065 341 1093 cipiat
357 1072 380 1086 se
398 1064 481 1093 aliquid
499 1064 629 1093 intelligere,
647 1072 673 1086 ac
691 1065 783 1093 proinde
800 1065 837 1093 qui
854 1072 899 1087 non

272 1099 353 1120 habeat
364 1099 427 1120 istam
439 1099 499 1120 sive*
508 1098 579 1120 ideam
591 1098 754 1125 intellectionis‚
762 1105 828 1127 quam
839 1098 899 1120 inde-

273 1133 335 1155 finite
339 1132 479 1155 extendendo
484 1132 565 1154 format
572 1132 644 1154 ideam
651 1132 807 1154 intellectionis
814 1132 899 1158 divium,

274 1170 297 1189 et
307 1167 338 1189 sic
349 1167 377 1188 de
388 1167 472 1188 caeteris
483 1167 530 1195 ejus
542 1166 668 1188 attributis?

306 1200 415 1223 Quoniam
427 1207 479 1222 vero
491 1201 523 1222 usi
540 1207 615 1222 sumus
630 1200 681 1222 idea
691 1200 732 1222 Dei
744 1208 793 1229 quae
804 1201 826 1222 in
838 1200 901 1222 uobis

274 1239 308 1257 est
322 1235 351 1256 ad
366 1235 412 1263 ejus
427 1234 565 1256 existentiam
580 1234 781 1260 demonstrandam,
796 1238 862 1263 atque
877 1234 901 1256 iu

274 1269 373 1291 hacidea
383 1272 428 1290 tum
440 1269 546 1290 immensa
556 1268 656 1297 potentia
664 1268 791 1290 continetur
801 1272 827 1290 ut
837 1268 901 1290 intel-

274 1303 368 1331 ligamus
382 1309 513 1331 repugnare,
526 1302 543 1323 si
561 1302 621 1324 Deus
637 1302 724 1329 existat,
740 1303 825 1331 aliquid
841 1302 902 1324 aliud

274 1341 354 1365 praeter
362 1337 433 1365 ipsum
442 1336 535 1358 existere
544 1336 585 1358 nisi
594 1336 653 1365 quod
661 1336 689 1358 ab
698 1336 745 1365 ipso
755 1336 784 1358 sit
792 1339 901 1358 creatum:

273 1370 339 1399 plane
350 1371 449 1400 sequitur
460 1377 487 1392 ex
498 1378 524 1392 eo
536 1370 595 1399 quod
606 1370 758 1392 demonstrata
768 1370 797 1391 sit
808 1371 854 1398 ejus
865 1377 901 1391 ex-

275 1405 372 1431 istentia,
384 1405 558 1427 demonstratum
569 1404 635 1426 etiam
647 1411 693 1426 esse
709 1407 780 1426 totum
795 1404 902 1426 mundum

561 1481 570 1490 ¹
584 1480 620 1498 Sic.

919 327 1009 340 omnmo*
