1250 1753
447 261 592 278 τιιΑοτΑΊ-υε
605 261 718 278 01²·t1cus.
852 257 893 277 2³1

265 311 384 368 {grachum
395 312 443 334 fore
453 312 505 338 EM,
517 319 596 341 nempe
605 313 716 341 jacentem
731 312 753 334 'm
771 312 818 341 ipso
829 311 896 341 plano
917 318 1016 349 1210—121131.

299 929 410 951 Quoniam
429 930 487 951 enim
506 930 600 958 angulus
622 929 680 951 AEL
698 932 731 950 est
748 928 894 955 semi-rectus,

267 963 311 985 erit
331 970 419 992 quoque
437 964 495 985 CED
516 964 666 985 semi-rectus:
686 967 708 985 et
729 963 780 991 quia
800 962 894 990 angulus

268 997 326 1019 ECD
347 1001 381 1019 est
399 1001 480 1024 rectus,
502 998 544 1019 erit
565 998 623 1020 CDE
644 997 787 1019 semi-rectus.
819 997 894 1019 Quare

268 1035 335 1053 rectae
346 1031 435 1057 01),οΕ
447 1036 499 1053 sunt
509 1032 612 1060 aequales.
638 1032 677 1053 Est
685 1038 738 1060 ergo
750 1031 830 1053 CDEH
842 1038 895 1059 qua-

268 1065 363 1092 dratum,
374 1070 397 1087 et
413 1070 439 1087 ut
456 1066 496 1087 CH
509 1065 616 1087 diameter
632 1065 661 1087 ad
678 1065 717 1087 CD
731 1064 795 1090 latus,
806 1065 838 1086 ita
848 1065 894 1091 OD,

268 1099 303 1121 vel
313 1099 360 1126 AB,
367 1099 402 1121 vel
411 1100 460 1126 EH,
468 1100 496 1121 ad
504 1100 543 1122 CK
551 1100 586 1122 vel
597 1100 650 1122 KH.
674 1099 810 1128 Supponitur
820 1102 895 1120 autem

267 1140 408 1162 progressum
417 1133 472 1156 lucis
481 1134 503 1156 in
511 1134 584 1156 medio
588 1141 639 1156 raro
643 1133 724 1156 habere
729 1133 895 1162 proportionem

267 1167 297 1189 ad
307 1174 447 1197 progressum
458 1167 481 1189 iu
492 1167 568 1194 denso,
581 1175 646 1196 quam
665 1167 732 1189 habet
749 1167 856 1188 diameter
866 1167 895 1188 ad

267 1201 334 1228 latus,
354 1201 397 1223 hoc
418 1205 458 1228 est,
479 1202 526 1228 CD,
546 1201 581 1223 vel
601 1201 652 1227 EH,
668 1200 703 1222 vel
724 1200 771 1225 AB,
791 1200 820 1222 ad
841 1200 893 1222 KH.

268 1235 364 1257 Quando
377 1242 430 1264 ergo
445 1236 553 1257 terminus
566 1235 622 1257 lucis
632 1235 652 1256 A
662 1238 696 1256 est
712 1234 734 1256 in
751 1234 777 1261 E,
787 1234 895 1256 terminus

268 1269 287 1291 B
300 1269 353 1298 (qui,
364 1269 382 1291 si
391 1269 487 1291 medium
498 1277 543 1291 nou
553 1273 610 1291 esset
620 1272 736 1294 mutatum,
745 1268 836 1291 deberet
847 1276 895 1291 esse

267 1303 290 1325 in
302 1303 332 1329 H,
343 1303 458 1325 immersus
473 1303 623 1332 profunditate
635 1303 690 1331 KH)
708 1302 751 1324 erit
760 1305 896 1331 propagatus

267 1336 296 1359 ad
310 1337 339 1363 N,
353 1337 384 1359 ita
399 1341 424 1359 ut
440 1337 580 1366 profunditas
594 1337 642 1366 ejus
655 1337 700 1359 sive
717 1336 823 1359 distantia
837 1337 896 1358 inter

266 1371 305 1393 ΕΙ)
317 1376 339 1393 et
349 1372 398 1398 GN,
413 1379 492 1400 nempe
509 1371 697 1401 perpendicularis
710 1371 753 1397 EF,
764 1371 793 1393 sit
806 1371 896 1400 aeqnalis

266 1408 334 1427 rectae
344 1405 390 1430 CD,
402 1405 436 1427 vel
451 1406 500 1433 EH,
511 1406 546 1428 vel
558 1406 604 1428 AB.
635 1405 675 1427 Est
691 1409 766 1427 autem
779 1405 819 1427 AB
836 1405 897 1427 linea

267 1438 330 1461 lucie.
364 1439 438 1462 Quare
449 1440 515 1463 etiam
527 1441 563 1462 EF
573 1443 606 1462 est
617 1440 676 1462 linea
686 1439 741 1461 lucis
751 1442 895 1469 propagata.
