1250 1753
447 268 592 284 'nucu-rus
605 268 714 284 orricus.
851 265 895 285 235

265 319 307 340 etsi
317 319 466 341 inclinationis
483 319 577 347 angulus
591 319 663 348 major
678 319 708 341 sit
718 319 843 346 semitecto,
854 319 897 341 erit

265 353 359 381 angulus
375 353 483 375 refractus
500 353 616 375 semitecto
630 353 710 375 minor.
752 353 830 382 Itaque
850 353 897 375 sive

265 387 359 416 angulus
368 387 517 409 inclinationis
525 387 555 409 sit
565 388 642 416 major,
650 387 685 408 vel
695 387 774 413 minor,
782 387 817 409 vel
825 394 897 416 aequa-

265 421 292 443 lis
307 421 431 447 semireem,
448 421 490 443 hoc
505 425 539 443 est
554 421 577 443 in
588 421 648 443 omni
667 421 809 443 inclinatione
825 421 848 443 in
862 429 897 443 ra-

265 455 326 477 tione
340 455 463 477 mediorum
479 455 600 484 supposita,
617 455 712 484 angulus
729 455 837 477 refractus
855 456 898 478 erit

266 491 382 512 semitecto
394 491 473 512 minor.
506 490 572 513 Quod
584 494 632 513 erat
642 490 789 519 probandum.

485 576 635 593 Pnoposrrlo
650 577 675 592 X-

266 611 371 641 Angulus
388 611 536 639 rtgl'ractionis
552 612 591 642 qui
601 612 634 641 fit
645 620 660 634 a
672 611 738 633 radio
755 611 855 634 intrante
874 612 897 634 in

295 645 389 667 medium
402 645 493 667 densum
509 653 586 668 versus
596 645 791 675 perpendiculum,
802 645 897 675 «equalis

295 683 329 701 est
339 678 422 708 angulo
433 679 579 708 rqfractioniae
586 687 646 709 quem
654 680 711 702 idem
718 679 798 702 radius
808 680 897 709 rqfrac-

296 716 331 735 tus
337 713 404 742 facit
415 713 492 735 exiens
502 714 525 735 in
536 714 595 736 idem
605 713 698 736 medium
709 720 794 741 rarum,
805 714 828 735 in
839 721 897 743 par-

296 750 330 768 tes
339 754 353 768 a
361 747 526 777 perpendiculo
537 755 637 770 aver-311³.
681 745 686 751 ”

296 788 331 810 Sit
344 788 441 810 medium
456 796 531 810 rarum
544 789 604 817 quod
618 792 652 811 est
669 795 736 817 snpra
752 792 835 811 rectam
852 789 896 816 CB,

266 822 326 851 quod
337 822 402 849 iufra,
414 822 513 844 densum.
546 823 580 845 Sit
593 827 668 845 autem
685 823 744 844 linea
759 822 815 845 lucis
824 823 873 850 AB,
883 831 897 846 a

266 864 310 885 qua
328 857 373 878 exit
396 857 470 878 radius
488 857 551 886 cujus

265 891 336 913 latera
343 892 381 913 AC
391 896 413 914 et
421 892 467 913 BD.
485 892 550 913 Com-

265 927 325 955 pleto
332 927 550 955 rectnnguloABCD‚

266 962 284 983 si
309 962 405 984 medium
427 969 472 984 non
493 966 551 984 esset

736 883 746 892 ιι
784 885 791 893 ι

266 1001 383 1023 mutatum,
396 1002 454 1019 esset
470 997 510 1019 CD
525 997 551 1018 li-

266 1038 308 1053 nea
328 1031 383 1053 lucis
400 1034 551 1060 propagata.-

266 1065 305 1087 sed
323 1065 375 1094 quia
392 1065 490 1087 medium
510 1065 551 1087 sub
566 1062 598 1083 „f

266 1099 303 1121 CB
324 1099 413 1121 densius
434 1103 468 1121 est
486 1106 552 1128 quam

266 1140 338 1162 supra,
355 1134 398 1155 erit
415 1133 479 1155 lineae
498 1133 553 1155 lueis
581 1129 589 1138 '²

266 1167 373 1189 terminus
394 1167 420 1193 B,
437 1167 509 1189 minus
529 1167 553 1189 in

265 1201 336 1230 ipsum
354 1201 470 1223 immersus
487 1208 553 1229 quam

265 1239 373 1264 punctum
385 1235 411 1257 D.
443 1235 477 1256 Sit
491 1242 545 1263 ergo
560 1235 619 1257 linea
633 1235 689 1257 lucis
703 1237 840 1264 propagata
851 1234 894 1261 GE,

265 1270 297 1291 ita
307 1273 332 1291 ut
343 1269 379 1291 ΟΕ
390 1269 481 1298 aequalis
491 1269 520 1291 sit
530 1269 573 1297 ipsi
585 1269 623 1291 AB
634 1269 669 1290 vel
678 1269 726 1290 CD.
752 1269 830 1290 Ductis
841 1276 895 1297 ergo

265 1303 484 1332 perpendicularibus
501 1303 530 1325 ad
549 1303 585 1325 ΟΕ
603 1303 670 1325 rectis
685 1303 786 1329 CG‚EH‚
800 1303 843 1325 erit
858 1303 896 1325 CG

265 1337 323 1359 linea
334 1337 435 1363 refracta,
447 1341 469 1359 et
486 1337 536 1359 ICG
552 1337 646 1366 angulus
663 1337 803 1359 refractionis
819 1344 896 1359 versus

265 1371 447 1400 perpendiculum
464 1371 511 1393 CK.
543 1371 634 1397 Rursus,
644 1370 674 1393 sit
689 1370 785 1393 medinm
802 1371 896 1392 densum

265 1405 324 1434 quod
339 1409 372 1427 est
388 1405 446 1427 infra
461 1405 507 1432 LD,
522 1412 596 1427 rarum
607 1405 667 1434 quod
683 1412 756 1433 supra,
768 1408 790 1427 et
807 1405 836 1426 sit
852 1405 894 1427 GH

265 1439 324 1461 linea
334 1439 389 1461 lucis
399 1439 544 1469 propaganda
555 1447 568 1462 a
579 1439 649 1461 denso
660 1439 683 1461 in
694 1447 776 1461 rarum.
798 1439 895 1462 Quando

921 327 972 339 Pltor.
981 326 1007 338 1¹.
