1250 1753
517 262 650 277 ιιιηετοιΕ.
851 257 895 280 307

267 312 307 334 des
317 312 428 341 principes
438 312 543 334 nbsurdes
554 313 609 334 dont
617 320 647 334 on
658 312 731 341 puisse
743 312 847 334 conclure
857 312 896 334 des
913 314 1017 347 &uz-'22:¹¹

267 346 347 368 verites
363 347 430 375 qu'on
444 353 457 368 a
469 346 568 375 apprises
584 346 702 368 d'ailleurs.
734 346 825 368 Comme
841 346 860 368 si
872 346 896 375 je
919 344 1006 366 ’ὴν-ν

267 380 341 407 disois,
352 380 422 402 omnia
432 387 501 409 equus
510 383 545 402 est
559 380 686 406 rationali-r,
697 379 767 402 omnis
782 380 845 402 homo
861 383 896 402 eet

267 421 341 443 equus,
352 421 407 443 ergo
417 414 486 436 omnis
496 414 558 436 homo
568 417 602 436 est
612 413 738 436 rationalis.
764 414 796 436 La
806 414 896 436 conclu-

268 448 316 470 sion
331 452 365 470 est
379 448 460 474 bonne,
471 452 494 470 et
509 448 641 478 l’argument
656 456 685 470 en
695 448 776 470 forme:
794 448 849 470 mnis
863 449 896 470 les

267 482 378 511 principes
388 489 416 504 ne
426 482 500 504 valent
510 482 564 505 rien.

394 553 537 569 nonnnsms
552 553 586 569 An
603 553 767 569 GASSENDUM.

326 592 380 614 Viro
390 592 511 615 clarissimo
523 593 551 615 D,
562 592 630 615 Petro
645 593 760 615 Gassendo
771 593 794 615 S.

297 641 399 668 Domine,
407 642 505 663 libellum
521 642 581 664 hunc
596 641 624 663 de
643 641 717 664 Scir-io
728 642 851 671 Antverpia
866 642 894 664 nd

266 682 302 697 me
313 675 373 697 misit
389 676 491 698 dominus
507 676 658 705 Cavendyshe,
669 675 802 697 mittendum
818 676 866 702 tibi,
877 676 895 698 si

266 710 324 732 tanti
340 713 447 738 putarem.
479 710 527 739 Ego
538 717 590 732 vero
609 717 637 732 an
654 710 711 732 tanti
725 710 754 731 sit
772 717 849 737 necne,
861 710 895 732 tui

266 744 341 772 potius
360 751 425 773 quam
444 744 488 766 mei
504 744 583 773 judicii
601 751 648 766 esse
668 744 727 766 volo.
759 744 895 766 Promittunr.

267 778 334 800 ctiam
352 778 427 800 nescio
448 778 502 807 qnid
519 779 610 800 nomina
628 778 666 800 illa
684 778 745 807 Ulug
764 778 853 807 Beigius
871 782 895 800 et

266 812 408 834 Tumerlanes
419 812 523 840 Magnus,
534 816 557 833 et
571 811 680 840 incogniti
698 812 729 833 illi
747 812 894 834 characteres.

267 845 345 874 Itaque
355 845 446 868 omnino
456 845 579 867 mittendus
587 849 642 867 erat.
659 845 719 868 Quid
731 845 759 867 de
769 853 795 868 eo
804 853 895 868 censeas

266 879 323 901 scire
333 880 407 906 velim,
418 880 436 901 si
447 880 488 901 tibi
503 883 574 901 vacat.
605 879 690 901 Vacare
705 884 780 902 autem
795 880 895 902 videtur:

266 921 319 935 nam
328 914 475 943 philosophiae
485 917 529 936 tuae
540 914 603 936 finita
613 917 647 936 est
657 914 779 943 impressio,
791 918 814 936 et
822 921 893 936 exem-

266 948 337 976 plaria
353 948 401 977 ejus
421 948 465 970 huc
486 948 580 970 advecta
596 955 656 970 nunc
675 951 727 970 sunt
747 948 770 970 in
792 948 893 970 Telonio.

267 982 368 1004 Quorum
379 982 538 1011 exemplarium
544 989 621 1009 unum,
630 990 697 1011 quam
705 983 801 1011 primum
809 986 893 1012 potero,

267 1016 373 1038 missurus
383 1023 431 1038 sum
444 1016 514 1045 Hagoe
525 1016 616 1038 Comitis
632 1016 722 1038 domino
738 1017 843 1039 Sorberio
856 1024 894 1039 ex-

266 1050 351 1079 petenti
362 1059 367 1072 :
379 1058 393 1072 a
403 1058 447 1079 quo
458 1050 524 1072 etiam
532 1051 606 1079 jussus
617 1057 666 1072 sum
678 1054 700 1072 te
710 1050 814 1072 salutare.
845 1051 893 1080 Ego

266 1091 307 1113 pro
322 1088 390 1106 aetate
406 1084 459 1106 satis
475 1084 545 1111 valeo,
561 1088 584 1106 et
601 1084 656 1106 mihi
672 1085 765 1106 nimium
781 1085 893 1114 indulgeo,

266 1125 357 1140 servans
368 1126 410 1145 me,
422 1119 440 1141 si
450 1118 508 1140 forte
519 1119 642 1147 contingat,
653 1118 734 1140 reditui
747 1119 771 1140 in
781 1119 892 1147 Angliam.

266 1152 326 1181 Opto
343 1152 429 1174 interea
441 1152 581 1181 praesentiam
597 1156 673 1174 tuam:
689 1160 733 1181 qua
748 1153 767 1174 si
784 1153 893 1175 cariturus

266 1193 323 1213 sum,
332 1187 397 1216 cupio
408 1194 453 1209 non
465 1186 531 1209 modo
542 1191 567 1208 ut
578 1186 658 1213 valeas,
668 1187 707 1208 sed
718 1191 744 1208 ut
754 1187 777 1209 id
788 1187 860 1216 ipsum
871 1191 894 1209 te

266 1221 339 1243 valere
350 1221 426 1247 sciam,
437 1221 482 1249 qui,
493 1224 601 1250 quantum
612 1227 654 1249 ego
665 1221 688 1242 in
699 1221 810 1243 hominem
827 1221 892 1250 inspi-

266 1262 316 1277 cere
327 1262 424 1284 possum,
433 1255 526 1277 scientia
536 1262 612 1277 omnes
623 1255 734 1281 mortales,
743 1259 768 1277 ut
779 1256 893 1278 scientiam

265 1289 348 1311 virtute
359 1297 456 1318 superas.

571 1319 651 1341 Servus
662 1323 712 1341 tuus

625 1361 733 1384 ΤιιοΜΑε
751 1362 863 1384 ΗοιιΒΕε.

288 1394 368 1416 Parisiis,
377 1395 398 1412 21
412 1394 516 1418 Septembris
527 1396 578 1412 1649.

786 1480 823 1495 X2
