1250 1753
457 451 697 476 OBJECTIONES

565 518 590 530 AD

340 566 503 591 CARTESII
532 566 813 591 MEDITATIONES.

505 701 626 717 omnm-10
636 701 652 717 1.

396 749 429 765 An
441 749 639 765 MEmTA'rroNEM
652 750 760 765 PmMAM.

338 788 373 810 De
383 788 413 810 iis
423 795 472 818 quoe
483 788 506 810 in
515 788 602 810 dubium
612 789 715 810 revocari
722 791 825 818 poscunt.

268 837 338 859 qus
356 840 443 859 constat
454 844 480 858 ex
491 837 517 858 iis
528 844 577 865 quae
592 837 652 859 diem
666 841 718 859 sunt
732 837 754 859 in
765 837 807 859 hnc
817 836 893 859 Medi·
917 845 1006 858 omne-rm

267 872 359 898 tatione,
371 871 455 893 nullum
463 878 511 893 esse
521 877 602 899 κριτήριον
613 879 626 893 a
636 879 680 900 quo
694 871 780 893 somnia
793 875 870 893 nostra
880 878 893 892 a
955 869 967 882 ¹⁴

267 905 342 934 vigilia
351 909 375 927 et
385 905 485 927 sensione
494 912 546 927 vera
554 906 724 935 dignoscantur:
735 909 758 927 et
768 909 892 934 propterea,

266 939 422 968 phantasmata
432 946 481 968 quae
490 939 607 968 vigilantes
618 943 640 961 et
650 939 769 961 sentientes
779 939 893 966 habemus,

267 980 311 995 non
328 980 375 995 esse
389 973 513 995 accidentia
531 973 623 1002 objectis
641 973 737 995 extemis
755 973 893 999 inhaerentia,

266 1014 338 1036 neque
348 1011 479 1036 argumento
489 1014 536 1029 esse
545 1008 598 1029 talia
606 1008 693 1036 objecta
703 1011 794 1029 externa
802 1007 893 1029 omnino

268 1041 369 1063 existere.
401 1041 497 1070 Ideoque
508 1041 526 1063 si
537 1048 613 1063 sensus
621 1045 708 1063 nostros
719 1041 766 1063 sine
777 1041 820 1063 alia
827 1041 894 1063 ratio-

268 1075 378 1097 cinatione
392 1082 516 1104 sequamur,
527 1075 606 1097 merito
622 1075 748 1097 dubitamus
765 1082 792 1096 an
811 1074 895 1103 aliquid

269 1111 348 1132 existat
359 1117 435 1132 necne.
465 1110 587 1132 Veritatem
598 1117 651 1139 ergo
663 1110 727 1138 hujus
733 1109 894 1131 Meditationia

268 1144 414 1173 agnoscimus.
446 1144 490 1166 Sed
501 1144 604 1173 quoniam
613 1144 640 1166 de
651 1144 727 1166 eadem
738 1143 894 1165 incertitudine

268 1179 403 1201 sensibilium
424 1178 545 1207 disputavit
566 1179 634 1205 Plato,
653 1182 675 1200 et
696 1177 733 1199 alii
753 1177 894 1205 antiquorum

268 1213 456 1241 philosophorum,
468 1217 490 1234 et
501 1212 566 1241 vulgo
577 1212 708 1234 observatur
719 1211 835 1233 difficultas
846 1211 894 1239 dig-

269 1247 373 1268 noscendi
383 1247 481 1275 vigiliam
492 1246 519 1268 ab
536 1246 662 1268 insomniis:
678 1245 746 1268 nolim
757 1245 894 1267 excellentis-

268 1280 348 1302 simum
358 1285 471 1303 auctorem
482 1287 588 1302 novarum
595 1280 769 1309 speculationum
776 1279 814 1301 illa
820 1283 895 1301 vetera

268 1314 387 1343 publicare.

508 1365 656 1381 RESPONSlo.

297 1401 420 1423 Dubitandi
434 1400 530 1423 rationes
541 1408 590 1430 quae
600 1400 637 1422 hic
647 1408 660 1422 a
670 1399 800 1429 philosopho
816 1399 895 1421 admit-

269 1438 346 1457 tuntur
357 1438 383 1457 ut
392 1442 457 1462 verae,
468 1442 513 1457 non
523 1442 537 1457 a
548 1441 582 1456 me
592 1434 634 1456 nisi
651 1437 756 1462 umquam
766 1433 895 1455 verisimiles
