1250 1753
393 257 427 273 An
438 257 554 274 otuu-nu
566 257 764 273 numum-muns.
847 252 892 276 273

491 349 611 365 OBJRCTIO
624 349 668 364 XV.

395 394 428 410 AD
440 394 637 410 MEDITATlONEM
649 394 757 410 sexa-AM.

365 432 402 454 De
416 440 490 454 rerum
505 432 652 455 materialium
665 432 792 455 eminentia.

267 478 321 500 Cum
337 478 395 500 enim
409 478 491 500 nullam
504 478 575 508 plane
585 478 726 507 facultatem
740 478 793 500 mihi
804 477 892 500 dederit

295 512 358 534 Deus
366 512 399 534 ad
405 512 452 538 hoc,
459 516 533 534 utrum
540 512 595 534 ideae
604 512 734 534 emittantur
742 519 755 533 a
763 512 891 540 corporibus

297 553 373 572 necne,
385 546 563 576 cognoscendum,
574 546 616 568 ⁴red
632 549 710 567 contra
720 553 824 575 magnam
835 553 891 575 pro-

292 580 423 609 pensionem
433 580 466 601 αι]
474 580 607 601 credendum
614 579 669 601 illas
678 587 693 600 a
702 579 768 601 rebus¹
778 579 892 608 corporeis

295 614 372 640 emitti,
379 621 421 635 non
431 614 495 635 video
505 621 550 643 qua
560 614 648 635 ratione
656 613 730 642 possit
744 612 844 642 intelligi
857 614 893 643 ip-

296 655 344 669 eum
354 655 397 669 nam
407 655 456 669 esse
465 647 588 676 fallacem,
598 647 620 669 si
627 646 718 669 aliunde
727 654 793 676 quam
801 654 816 669 a
826 647 893 669 rebus

296 682 410 711 corporeis
428 681 581 703 emitterentur
587 689 596 703 .·
611 689 638 703 ac
648 681 747 711 proinde
763 688 799 702 res
815 688 891 710 corpo-

295 722 341 737 reoe
352 715 458 737 existunt.

295 760 422 783 Communis
439 763 472 782 est
487 760 568 789 opinio,
578 767 624 782 non
641 767 733 789 peccare
746 760 843 782 medicos
853 760 891 788 qui

266 798 362 823 aegrotos
380 794 495 823 decipiunt
512 794 609 823 ipsorum
625 794 700 816 salutis
721 801 801 815 causa:
820 801 892 822 neque

266 832 338 857 patres
354 828 392 857 qui
406 828 462 850 filios
477 835 528 850 suos
545 828 625 849 fallunt
638 827 691 849 boni
702 828 799 856 ipsorum
809 828 892 856 gratia:

265 869 337 890 neque
355 863 439 884 crimen
458 862 594 891 deceptionis
615 862 733 883 consistere
753 862 775 883 in
796 861 891 883 falsitate

266 896 383 922 dictorum,
392 896 431 917 sed
442 896 465 917 in
475 896 556 925 injuria
566 895 730 924 decipientium.
745 895 831 917 Viderit
838 902 891 924 ergo

266 931 293 952 D.
305 930 331 952 C.
342 937 370 952 au
383 937 436 952 vera
452 930 481 952 sit
497 930 620 958 propositio
634 930 786 951 universaliter
797 933 891 958 sumpta,

266 964 329 986 Deus¹
340 964 400 986 nullo
408 971 463 986 casu
469 966 547 993 pote-rt
556 971 596 985 nm
601 963 706 993 fallere:
722 971 772 985 nam
782 964 800 985 si
809 971 853 985 non
863 964 892 985 sit

265 1005 318 1019 vera
335 998 368 1020 ita
383 998 543 1024 universaliter,
553 1005 598 1020 non
612 998 711 1026 sequitur
726 998 838 1020 conclusio
847 997 891 1024 illa,

266 1039 322 1061 ergo
332 1039 369 1053 res
380 1039 496 1061 corporeoe
506 1032 611 1054 existunt.

505 1098 650 1114 RESPONSlo.

295 1137 332 1159 Ad
346 1144 417 1159 meam
429 1137 592 1159 conclusionem
608 1144 653 1159 non
667 1137 786 1166 requiritur
795 1140 821 1159 ut
831 1137 891 1159 nullo

266 1172 443 1200 casupossimus
461 1171 522 1192 salli:
539 1171 617 1193 admisi
633 1171 691 1192 enim
704 1171 762 1193 ultro
778 1178 818 1192 nos
834 1178 891 1199 saepe

266 1205 314 1227 falli
330 1205 378 1227 :sed
396 1209 420 1226 ut
436 1212 481 1226 non
500 1205 602 1226 fallamur
613 1212 663 1226 eum
679 1205 720 1227 iste
735 1208 811 1227 noster
831 1211 892 1226 error

267 1239 391 1268 decipiendi
407 1239 545 1260 voluntatem
564 1239 587 1260 in
605 1239 652 1260 Deo
669 1242 795 1265 testaretur,
806 1238 893 1268 qualem

267 1273 290 1295 in
311 1280 337 1295 eo
359 1280 407 1295 esse
427 1276 543 1301 repugnat.
578 1273 705 1301 Rursusque
726 1273 761 1294 hic
782 1277 815 1294 est
835 1272 893 1294 mala

267 1306 344 1328 illatio.

463 1358 583 1373 omne-no
595 1358 699 1374 υιτιΜΑ.

268 1393 333 1415 Nunc
346 1393 403 1415 enim
418 1393 511 1415 adverto
524 1401 673 1423 permagnum
685 1400 734 1415 esse
745 1393 803 1414 inter
812 1396 893 1414 utrum-

298 1435 344 1456 que,
359 1427 402 1449 hoc
419 1431 453 1449 est
468 1427 527 1449 inter
541 1427 637 1456 vigiliam
653 1430 676 1449 et
690 1427 829 1452 insomnium,
845 1426 892 1448 dis-

327 1467 384 1483 vox..
396 1468 419 1483 v.
818 1467 833 1482 'r

915 487 947 499 013:
949 487 1003 499 WTIO

947 511 978 523 XV.

916 531 1002 542 *q*
