1250 1753
452 252 597 268 Tmen-ros
609 253 723 269 Orneus.
856 250 900 274 227

489 352 639 368 Pnoposl'rlo
651 353 685 368 Vl.

271 393 359 416 Radius
368 401 381 416 e
396 394 468 416 medio
482 402 538 417 raro
555 395 655 417 incidens
669 395 756 425 oblique
768 396 790 418 in
805 397 899 419 medium

301 428 399 455 densius,
410 429 474 457 cuju-⁹
484 429 616 458 superficie-e
623 429 697 459 plana
707 433 748 457 eat,
759 430 899 460 refringitur

300 469 378 484 nereus
383 462 578 492 perpendiculum.

300 507 334 529 Sit
345 508 384 529 ΕΙ)
395 512 456 530 reeta
466 509 489 530 in
504 509 619 537 superficie
629 509 696 538 plana
707 509 773 531 medii
784 510 898 537 densioris,

269 540 302 563 ita
312 546 338 563 ut
348 542 408 570 quod
419 546 453 564 est
466 549 534 571 supra
544 543 583 564 ΕΙ)
594 543 623 565 sit
639 543 735 565 medium
750 544 827 570 rarius,
838 545 899 573 quod

268 575 333 602 infra,
349 575 446 598 densius.
474 576 552 605 Sitque

268 609 292 631 in
303 610 375 632 medio
387 618 436 632 raro
451 611 510 633 linea
520 611 552 633 lu-

268 644 300 665 eis
318 644 382 673 (puta
401 644 454 666 solis
471 645 552 666 diame-

267 679 337 705 trum)
351 679 399 705 AB,
410 686 423 700 a
433 686 477 708 qua
489 682 553 701 exeat

267 712 342 734 radius
352 713 415 741 cujus
426 713 496 735 latera
506 713 552 739 ΑΕ,

268 746 308 768 BD
319 746 363 768 sint
374 746 402 768 ad
410 747 450 768 AB
460 753 553 776 perpen-

268 780 381 807 diculnria,
390 785 413 803 et
423 780 452 802 ad
462 781 553 810 plnnum

267 814 409 843 EDobliqua.
428 815 553 843 Propagato

267 848 336 877 igitur
352 848 423 870 altero
437 848 493 870 lueis
507 852 553 870 ter-

267 882 328 904 mino
348 882 377 904 ad
400 882 492 911 planum
512 882 552 904 ΕΙ)

267 916 290 937 in
301 919 384 945 puncto
398 916 426 942 D,
437 916 493 938 alter
507 920 551 938 ter-

267 950 340 972 minus
357 957 403 972 non
421 950 553 979 propagabi-

267 987 304 1006 tur
314 984 379 1006 siuml
390 984 418 1006 ad
429 984 519 1013 planum
530 984 553 1006 in

267 1018 293 1044 E,
313 1018 352 1040 sed
371 1018 485 1047 perveniet
503 1021 553 1040 tan-

267 1056 315 1074 tum
332 1052 360 1074 ad
374 1052 399 1078 C,
414 1052 445 1074 ita
461 1055 487 1074 ut
502 1052 541 1073 AC
558 1051 587 1073 sit
601 1052 692 1081 aequalis
708 1052 755 1074 BD.
787 1052 898 1074 Producta

267 1090 328 1108 recta
343 1086 390 1112 BD,
404 1086 444 1108 fiat
462 1086 506 1108 ΒΗ
524 1086 614 1114 aequalis
631 1089 698 1108 rectae
713 1086 756 1108 ΟΕ.
789 1086 812 1107 Si
829 1086 898 1114 igitur

267 1120 364 1142 medium
375 1123 485 1142 mutatum
496 1127 541 1141 uon
553 1123 618 1145 esset,
627 1120 716 1149 quando
725 1120 832 1141 terminus
842 1119 898 1141 lucis

267 1154 287 1176 A
297 1158 433 1183 propagatus
448 1157 507 1176 esset
522 1153 551 1176 ad
567 1154 593 1180 E,
610 1154 666 1176 alter
685 1153 792 1176 terminus
807 1153 898 1175 deberet

266 1195 314 1210 esse
324 1188 348 1210 in
360 1188 389 1215 H,
402 1188 518 1210 immersus
532 1188 616 1210 scilicet
631 1188 672 1210 sub
683 1188 749 1216 plano
765 1187 804 1209 ΕΙ)
816 1190 898 1216 quanta

266 1226 301 1244 est
319 1222 425 1244 distantia
442 1222 533 1244 minima
550 1222 608 1243 inter
625 1226 734 1251 punctum
749 1221 771 1243 H
789 1221 823 1243 vel
842 1221 860 1242 C
875 1224 898 1242 et

265 1260 350 1278 rectam
365 1256 412 1283 ΕΙ),
423 1256 458 1278 vel
472 1256 531 1277 inter
549 1256 642 1277 eandem
659 1259 743 1277 rectam
760 1255 799 1277 ED
817 1259 840 1277 et
856 1255 898 1277 sibi

265 1290 393 1319 parallelum
402 1290 447 1312 11-1.
480 1290 591 1312 Quoniam
600 1297 653 1312 vero
659 1290 792 1319 supponitur
800 1289 898 1311 medium

266 1324 307 1346 sub
318 1324 385 1354 plano
396 1325 435 1346 ED
447 1324 535 1346 densius
547 1331 613 1352 quam
622 1324 682 1353 quod
695 1331 769 1352 supra,
781 1327 804 1345 et
817 1330 898 1352 propa-

265 1358 314 1387 gari
325 1358 454 1380 debiliorem
466 1362 550 1380 motum
561 1358 584 1379 in
596 1358 665 1380 denso
672 1365 739 1387 quam
750 1358 773 1379 in
780 1365 837 1384 raro,
844 1361 898 1379 tuuc

266 1393 356 1421 quaudo
371 1392 435 1415 linea»
452 1393 509 1414 lucie
520 1392 629 1414 terminus
641 1392 661 1414 A
671 1396 706 1414 est
719 1392 742 1414 in
753 1392 778 1419 E,
790 1392 832 1413 erit
842 1391 899 1413 alter

265 1430 374 1453 terminus
389 1430 407 1452 B
423 1431 481 1452 inter
493 1431 513 1452 H
531 1434 554 1452 et
570 1431 597 1456 D,
612 1433 668 1459 puta
684 1430 707 1452 in
720 1430 745 1452 L.
777 1430 836 1458 Ergo
854 1433 899 1451 ter-

802 1471 818 1488 Q
830 1470 838 1482 ’Ξ

925 520 975 532 ΡΒΟΡ.
985 520 1009 532 Vl.
