1250 1753
362 430 394 445 ΔῙ)
404 430 552 447 Rommssmos
562 432 670 451 Amosmm
681 433 745 449 vmos
757 433 865 450 ERUDITOS

446 481 465 503 E
483 480 651 504 SOCIETATE
667 482 783 506 REGALI

333 540 369 557 AD
382 540 519 559 stENTIAs
531 541 726 561 PROMOVENDAS
738 542 888 561 INSTITUTA.

267 652 447 675 Pnfflsn'rls'rls
459 653 612 683 Philosophiae,
620 655 661 676 viri
672 655 809 682 nobilissimi,
816 662 844 677 ne
853 655 957 684 cuiquam

267 696 308 714 aut
318 693 416 715 studium
427 698 466 715 aut
476 701 556 716 nomen
567 694 621 723 ejus,
632 694 690 716 sicut
700 695 759 721 olim,
769 695 865 717 ludibrio
877 695 906 717 sit
920 695 955 717 vel

267 732 410 755 inhonestum
421 733 537 755 habeatur.
568 734 684 756 Infamiam
695 734 755 756 illam
765 735 871 764 dignitate
881 739 956 757 vestra

267 773 409 795 abstersistis.
441 773 589 796 Scieutiarum
600 774 678 796 studiis
689 775 804 797 materiam
814 779 838 797 et
848 776 956 804 supellee-

268 813 330 835 tilem
341 814 471 842 praebuistis.
503 814 620 836 societatis
635 821 715 843 eorpus
728 815 777 836 luce
788 819 861 837 vestra
871 815 956 837 illustre

268 854 393 883 exterisque
403 854 508 883 gentibus
518 855 662 884 conspicuum
673 854 799 877 reddidistis
808 863 813 877 :
829 855 861 877 ita
871 859 895 877 ut
905 863 956 885 quae

268 894 292 915 in
303 894 406 922 operibus
422 894 514 917 Naturae
530 895 639 917 mirabilia
656 898 696 917 aut
712 902 769 917 nova
783 895 909 924 ubicunque
923 896 956 917 iu-

268 937 335 956 venta
346 938 405 961 snut,
412 934 441 956 ad
449 934 583 957 Societatem
591 939 687 957 vestram
694 935 833 964 potissimum
841 936 954 958 transmit-

267 978 353 1001 tantur,
364 978 387 996 et
402 974 429 996 de
441 975 514 997 causis
529 982 606 997 eorum
620 975 705 1003 judicia
715 979 788 997 vestra
802 978 955 1004 expectentur.

267 1014 385 1044 Ingenium
396 1022 460 1037 suum
471 1023 484 1037 a
494 1015 556 1037 vobis
566 1015 716 1044 uuusquisque
726 1015 822 1044 spectari
832 1019 855 1037 et
865 1015 955 1044 probari

266 1055 343 1084 magni
363 1055 464 1077 aestimat.
496 1055 567 1078 Unius
581 1055 698 1077 alteriusve
713 1055 836 1077 Geometrae
846 1055 881 1076 vel
898 1055 955 1084 Phy-

266 1095 308 1117 sici
319 1095 511 1117 commendatione
522 1095 550 1116 ad
560 1094 658 1117 studium
675 1094 821 1123 Philosophiae
835 1095 901 1123 pauci
917 1102 955 1117 ex-

267 1135 372 1157 citantur.
395 1135 520 1162 Nimirium,
532 1135 575 1157 hoe
585 1135 657 1164 ipsum
666 1135 772 1164 augeudoe
780 1135 878 1157 scientiae
886 1142 956 1157 unum

267 1179 292 1197 et
306 1183 412 1204 magnum
425 1176 578 1204 adjumentum
593 1179 634 1201 est,
645 1175 705 1204 quod
721 1175 750 1197 ad
763 1175 855 1204 negotia
867 1175 957 1204 publica

268 1216 315 1237 nati
326 1220 349 1237 et
366 1216 462 1238 instituti
473 1216 599 1238 hominibus
613 1216 658 1237 otio
669 1215 834 1237 abundantibus
842 1214 870 1237 ad
881 1215 956 1237 colen-

267 1256 319 1278 dam
330 1256 491 1286 philosophiam
501 1256 587 1278 animos
597 1256 721 1283 addidistis,
729 1256 776 1278 sine
784 1263 877 1285 quorum
888 1255 956 1285 longo

266 1302 290 1319 et
300 1297 430 1319 vehemente
445 1297 519 1319 studio
536 1304 607 1326 neque
625 1297 753 1319 Geometria
771 1304 843 1326 neque
855 1297 955 1325 Physica,

265 1337 345 1366 quibus
362 1337 434 1358 omnis
451 1336 544 1358 scientia
566 1336 671 1358 naturalis
689 1336 824 1363 continetur,
842 1333 955 1364 expectari

266 1380 346 1406 potest.
378 1377 457 1406 Neque
467 1384 520 1399 vero
531 1376 559 1398 ab
574 1376 617 1398 illis
631 1380 731 1405 tempore
744 1381 767 1399 et
777 1375 852 1398 studio
863 1377 956 1404 quanto-

267 1424 354 1447 cunque
365 1417 412 1439 sine
423 1424 465 1446 ope
476 1420 550 1439 vestra
560 1417 659 1439 scientiae
668 1417 711 1443 illm
721 1420 767 1439 tam
783 1415 890 1441 difficiles,
901 1421 955 1444 qua-
